<collection xmlns="http://www.loc.gov/MARC21/slim">
<record>
  <leader>01426nam0a2200313 i 450 </leader>
  <controlfield tag="001">IT\ICCU\CNCE\015755</controlfield>
  <controlfield tag="005">20190919000000.0</controlfield>
  <datafield tag="012" ind1=" " ind2=" ">
    <subfield code="a">n.ed mir- n.j, i-t, (C) 1588 (Q)</subfield>
    <subfield code="2">fei</subfield>
  </datafield>
  <datafield tag="100" ind1=" " ind2=" ">
    <subfield code="a">19970101f1588        0itac0103    ba</subfield>
  </datafield>
  <datafield tag="101" ind1=" " ind2=" ">
    <subfield code="a">ITA</subfield>
  </datafield>
  <datafield tag="102" ind1=" " ind2=" ">
    <subfield code="a">IT</subfield>
  </datafield>
  <datafield tag="200" ind1="1" ind2=" ">
    <subfield code="a">Summario della vita christiana. Qual s&apos;insegna alli fanciulli di Cremona</subfield>
  </datafield>
  <datafield tag="210" ind1=" " ind2=" ">
    <subfield code="a">In Brescia</subfield>
    <subfield code="c">per Vincenzo Sabbio</subfield>
    <subfield code="c">ad instanza di Pietro Gennari libraro in Cremona</subfield>
    <subfield code="d">\non prima del 1588!</subfield>
  </datafield>
  <datafield tag="215" ind1=" " ind2=" ">
    <subfield code="a">\8! c.</subfield>
    <subfield code="d">8ʻ</subfield>
  </datafield>
  <datafield tag="620" ind1=" " ind2=" ">
    <subfield code="a">IT</subfield>
    <subfield code="d">Brescia</subfield>
  </datafield>
  <datafield tag="710" ind1="0" ind2="2">
    <subfield code="a">Cremona</subfield>
    <subfield code="c"> &lt;Diocesi&gt;</subfield>
    <subfield code="3">IT\ICCU\CNCT\003561</subfield>
  </datafield>
  <datafield tag="712" ind1="0" ind2="0">
    <subfield code="a">Sabbio, Vincenzo</subfield>
    <subfield code="3">IT\ICCU\CNCT\000044</subfield>
    <subfield code="4">650</subfield>
  </datafield>
  <datafield tag="712" ind1="0" ind2="0">
    <subfield code="a">Zenaro, Pietro</subfield>
    <subfield code="3">IT\ICCU\CNCT\001441</subfield>
    <subfield code="4">650</subfield>
  </datafield>
  <datafield tag="791" ind1="0" ind2="0">
    <subfield code="a">Sabiensis, Vincentius</subfield>
    <subfield code="3">IT\ICCU\CNCT\002587</subfield>
    <subfield code="z">Sabbio, Vincenzo</subfield>
  </datafield>
  <datafield tag="791" ind1="0" ind2="0">
    <subfield code="a">Sabius, Vincentius</subfield>
    <subfield code="3">IT\ICCU\CNCT\005508</subfield>
    <subfield code="z">Sabbio, Vincenzo</subfield>
  </datafield>
  <datafield tag="791" ind1="0" ind2="0">
    <subfield code="a">Sabbius, Vincentius</subfield>
    <subfield code="3">IT\ICCU\CNCT\005511</subfield>
    <subfield code="z">Sabbio, Vincenzo</subfield>
  </datafield>
  <datafield tag="791" ind1="0" ind2="0">
    <subfield code="a">Da Sabbio, Vincenzo</subfield>
    <subfield code="3">IT\ICCU\CNCT\005515</subfield>
    <subfield code="z">Sabbio, Vincenzo</subfield>
  </datafield>
  <datafield tag="791" ind1="0" ind2="0">
    <subfield code="a">Genaro, Pietro</subfield>
    <subfield code="3">IT\ICCU\CNCT\002960</subfield>
    <subfield code="z">Zenaro, Pietro</subfield>
  </datafield>
  <datafield tag="791" ind1="0" ind2="0">
    <subfield code="a">Gennaro, Pietro</subfield>
    <subfield code="3">IT\ICCU\CNCT\003096</subfield>
    <subfield code="z">Zenaro, Pietro</subfield>
  </datafield>
  <datafield tag="791" ind1="0" ind2="0">
    <subfield code="a">Zennarius, Petrus</subfield>
    <subfield code="3">IT\ICCU\CNCT\004185</subfield>
    <subfield code="z">Zenaro, Pietro</subfield>
  </datafield>
  <datafield tag="791" ind1="0" ind2="0">
    <subfield code="a">Gennari, Pietro</subfield>
    <subfield code="3">IT\ICCU\CNCT\005828</subfield>
    <subfield code="z">Zenaro, Pietro</subfield>
  </datafield>
  <datafield tag="801" ind1=" " ind2="3">
    <subfield code="a">IT</subfield>
    <subfield code="b">ICCU</subfield>
    <subfield code="c">20201114</subfield>
  </datafield>
  <datafield tag="899" ind1=" " ind2=" ">
    <subfield code="a">Biblioteca statale. Cremona</subfield>
    <subfield code="1">CR0062</subfield>
    <subfield code="2">LO1 28</subfield>
  </datafield>
  <datafield tag="899" ind1=" " ind2=" ">
    <subfield code="a">Biblioteca Apostolica Vaticana. Citt ̉del Vaticano</subfield>
    <subfield code="1">EX0001</subfield>
    <subfield code="2">ZCV 01</subfield>
  </datafield>
</record>
</collection>
